@misc{1995Allometric,
    title = {The Allometric Scaling of Density and Body Mass: A Nonlinear Relationship for Terrestrial Mammals},
    author = {Marina Silva and John A. Downing},
    howpublished = {https://www.jstor.org/stable/2462997?read-now=1{\&}seq=6{\#}metadata{\_}info{\_}tab{\_}contents}
}

@misc{WvsInWI,
    title = {Wolves in Wisconsin},
    author = {Wisconsin DNR},
    howpublished = {https://dnr.wi.gov/topic/wildlifehabitat/wolf/}
}

@misc{2014OpinionWI,
    title = {Public Attitudes towards Wolves and Wolf Management in Wisconsin},
    author = {Wisconsin DNR},
    howpublished = {https://dnr.wi.gov/topic/WildlifeHabitat/wolf/documents/WolfAttitudeSurveyReportDRAFT.pdf}
}

@misc{2014Depredation,
    title = {GUIDELINES FOR CONDUCTING DEPREDATION CONTROL ON WOLVES IN WISCONSIN FOLLOWING FEDERAL DELISTING},
    author = {Wisconsin DNR},
    howpublished = {https://dnr.wi.gov/topic/wildlifehabitat/wolf/documents/wolfdepredationplan2014.pdf},
    date = {2014}
}

@misc{1999ManageWI,
    title = {Wisconsin Wolf Management Plan},
    author = {Wisconsin DNR},
    howpublished = {https://dnr.wi.gov/files/PDF/pubs/ER/ER0099.pdf}
}

@misc{2011WolvesWI,
    title = {The History of Wolves in Wisconsin},
    author = {Wisconsin DNR},
    howpublished = {https://dnr.wi.gov/topic/WildlifeHabitat/wolf/documents/HistoryofWolves{\_}2011.pdf}
}

@misc{Milwauke,
    title = {Wisconsin's wolf population declines 19% as DNR meets goal for year},
    author = {Paul A. Smith},
    howpublished = {http://archive.jsonline.com/blogs/sports/257097471.html},
}

@misc{HuntingStoppedWI,
    title = {Further Wolf Hunting In Wisconsin Is Banned Following Federal Court Ruling},
    author = {Gilman Halsted},
    howpublished = {https://www.wpr.org/further-wolf-hunting-wisconsin-banned-following-federal-court-ruling}
}


@misc{HistoryMI,
    title = {Wolf Biology and Identification},
    author =  {Michigan DNR},
    howpublished = {https://www.michigan.gov/dnr/0,4570,7-350-79135{\_}79218{\_}79619-292026--,00.html{\#}Michigan%20History},
}

@misc{1997PlanMI,
    title = {Michigan Wolf Recovery Plan},
    author = {Michigan DNR},
    howpublished = {https://www.fws.gov/midwest/wolf/stateplans/pdf/mi-wolf-plan.pdf}
}

@misc{2015PlanMI,
    title = {MICHIGAN WOLF MANAGEMENT PLAN},
    author= { Michigan DNR},
    howpublished = {https://www.michigan.gov/documents/dnr/Draft{\_}Wolf{\_}Management{\_}Plan{\_}030708{\_}227742{\_}7.pdf},
    date = {2015}
}

@misc{2018ReportMN,
    title = {DISTRIBUTION AND ABUNDANCE OF WOLVES IN MINNESOTA},
    author = { Minnesota DNR},
    howpublished = {https://files.dnr.state.mn.us/wildlife/wolves/2018/survey-wolf.pdf},
    date = {2018}
    }

@misc{2001ManageMN,
    title = {Minnesota Wolf Management Plan},
    author = {Minnesota DNR},
    howpublished = {https://files.dnr.state.mn.us/natural{\_}resources/animals/mammals/wolves/wolfplan.pdf},
    date = {2001}
}

@misc{2015ReportMN,
    title = {Minnesota Wolf Population Update 2015},
    author = {Minnesota DNR},
    howpublished = {https://files.dnr.state.mn.us/wildlife/wolves/2015/survey_wolf.pdf},
    date = {2015}
}

@misc{2019StarTribune,
    title = {A return to wolf hunting in Minnesota?},
    author = {Tony Kennedy},
    howpublished = {https://www.startribune.com/a-return-to-wolf-hunting-in-minnesota/507065992/}
}

@misc{2018ReportOR,
    title = {Oregon Wolf Conservation and Management},
    author = { Oregon Fish and Wildlife},
    howpublished = {https://dfw.state.or.us/Wolves/docs/oregon{\_}wolf{\_}program/2018{\_}Annual{\_}Wolf{\_}Report{\_}FINAL.pdf},
    date = {2018}
    }

@misc{IdCase,
    title = {DEFENDERS OF WILDLIFE; ET AL., v SECRETARY, UNITED STATES DEPARTMENT) OF THE INTERIOR; ET AL.,},
    author = {Jones},
    howpublished = {https://idfg.idaho.gov/old-web/docs/wolves/downlistRemand.pdf}
}

@misc{NezPerceLetter,
    title = {Nez Perce Tribe in Support of Wolf Delisting},
    author = {Samuel Penny},
    howpublished = {https://idfg.idaho.gov/old-web/docs/wolves/letterNezPerce.pdf}
}

@misc{2002ReportID,
    title = {Idaho Wolf Conservation and Management Plan},
    author = {Idaho DFG},
    howpublished = {https://idfg.idaho.gov/old-web/docs/wolves/plan02.pdf},
    date = {2002}
}

@misc{2015ReportID,
    title = {IDAHO WOLF MONITORING PROGRESS REPORT},
    author  = { Idaho DFG},
    howpublished = {https://idfg.idaho.gov/sites/default/files/idaho-wolf-monitoring-progress-report-2015.pdf},
    date = {2015}
    }

@misc{IdahoBackground,
    title = {Wolf Management / Status Timeline},
    author = {Idaho DFG},
    howpublished = {https://idfg.idaho.gov/wildlife/wolf/recovery-reintroduction}
}

@misc{WolvesReintroducedBCID,
    title = {IDFG Restablish},
    author = {Jerry Conley},
    howpublished = {https://idfg.idaho.gov/old-web/docs/wolves/letterDirector.pdf}
}

@misc{2019ReportWA,
    title = {Washington Gray Wolf Conservation and Management 2018 Annual Report},
    author = {Washington DFW},
    howpublished = {https://wdfw.wa.gov/publications/02062},
    date = {2019}
}

@misc{NHWA,
    title = {Gray wolf},
    author = {Washington DFW},
    howpublished = {https://wdfw.wa.gov/species-habitats/species/canis-lupus},
}

@misc{WPWA,
    title = {Wolf Packs in Washington},
    author = {Washington DFW},
    howpublished = {https://wdfw.wa.gov/species-habitats/at-risk/species-recovery/gray-wolf/packs},
}

@misc{2011ManageWA,
    title = {Wolf Conservation and Management Plan},
    author = {Washington DFW},
    howpublished = {https://wdfw.wa.gov/sites/default/files/publications/00001/wdfw00001.pdf},
    date = {2011},
}

@misc{2018VideoWA,
    title = {2018 Wolf Update Presentation},
    author = {Washington DFW},
    howpublished = {https://www.youtube.com/watch?v=VW{\_}5uVwoVi0{\&}t=},
    date = {2018},
}

@misc{Biologue,
    title = {Gray Wolf},
    author = {US FWS},
    howpublished = {https://www.fws.gov/midwest/wolf/biology/biologue.html}
    }

@misc{Stats, 
    title = {Grey Wolf},
    author = {iucnredlist},
    howpublished = {https://www.iucnredlist.org/species/3746/119623865}
    }

@misc{WikiWolf,
    title = {Wolf},
    author = {Wikipedia},
    howpublished = {https://en.wikipedia.org/wiki/Wolf}
    }

@misc{BCWolfCull,
    title = {B.C. predator cull would target 80 per cent of wolves in caribou recovery areas},
    author = {Randy Shore},
    howpublished = {https://vancouversun.com/news/local-news/b-c-predator-cull-would-target-80-per-cent-of-wolves-in-caribou-recovery-areas/}
    }